<record><leader>00000cas a22000007a 4500</leader><controlfield tag="001">10155425</controlfield><controlfield tag="008">831122d19111926njuwr ne      0    0eng d</controlfield><datafield ind1=" " ind2=" " tag="010"><subfield code="a">sn 83032098 </subfield></datafield><datafield ind1=" " ind2=" " tag="040"><subfield code="a">NPU</subfield><subfield code="b">eng</subfield><subfield code="c">NPU</subfield><subfield code="d">OCLCQ</subfield></datafield><datafield ind1=" " ind2=" " tag="042"><subfield code="a">msc</subfield></datafield><datafield ind1="0" ind2=" " tag="130"><subfield code="a">Saturday review (Bergenfield, N.J.)</subfield></datafield><datafield ind1="1" ind2="4" tag="245"><subfield code="a">The Saturday review.</subfield></datafield><datafield ind1=" " ind2=" " tag="260"><subfield code="a">Bergenfield, N.J.,</subfield><subfield code="c">The Bergenfield Press</subfield></datafield><datafield ind1=" " ind2=" " tag="300"><subfield code="a">v. :</subfield><subfield code="b">ill. ;</subfield><subfield code="c">57 cm.</subfield></datafield><datafield ind1=" " ind2=" " tag="310"><subfield code="a">Weekly</subfield></datafield><datafield ind1="1" ind2=" " tag="362"><subfield code="a">Began Oct. 7, 1911; ceased in 1926.</subfield><subfield code="z">Cf. Directory of N.J. newspapers, 1765-1970 / Wright &amp; Stellhorn.</subfield></datafield><datafield ind1=" " ind2=" " tag="500"><subfield code="a">"Discreet, truthful and just to all."</subfield></datafield><datafield ind1=" " ind2=" " tag="580"><subfield code="a">Published an edition for circulation in Dumont called: Dumont Saturday review (non-extant). Cf. Directory of N.J. newspapers.</subfield></datafield><datafield ind1=" " ind2=" " tag="580"><subfield code="a">Merged with: Interboro news (non-extant), to form: Interboro review and twin-boro news-letter (non-extant). Cf. Directory of N.J. newspapers.</subfield></datafield><datafield ind1=" " ind2=" " tag="588"><subfield code="a">Description based on: Vol. 8, no. 25 (Mar. 15, 1919).</subfield></datafield><datafield ind1=" " ind2=" " tag="752"><subfield code="a">United States</subfield><subfield code="b">New Jersey</subfield><subfield code="c">Bergen</subfield><subfield code="d">Bergenfield.</subfield></datafield><datafield ind1="1" ind2=" " tag="775"><subfield code="t">Dumont Saturday review</subfield><subfield code="b">Dumont ed.</subfield></datafield><datafield ind1="1" ind2="7" tag="785"><subfield code="t">Interboro news</subfield></datafield><datafield ind1="1" ind2="7" tag="785"><subfield code="t">Interboro review and twin-boro news-letter</subfield></datafield></record>